%YAML 1.1
%TAG !u! tag:unity3d.com,2011:
--- !u!1 &4628536199767274268
GameObject:
  m_ObjectHideFlags: 0
  m_CorrespondingSourceObject: {fileID: 0}
  m_PrefabInstance: {fileID: 0}
  m_PrefabAsset: {fileID: 0}
  serializedVersion: 6
  m_Component:
  - component: {fileID: 4628536200297153540}
  - component: {fileID: 4628536199767274270}
  - component: {fileID: 4628536199767274271}
  m_Layer: 0
  m_Name: Bomb
  m_TagString: Untagged
  m_Icon: {fileID: 0}
  m_NavMeshLayer: 0
  m_StaticEditorFlags: 0
  m_IsActive: 1
--- !u!4 &4628536200297153540
Transform:
  m_ObjectHideFlags: 0
  m_CorrespondingSourceObject: {fileID: 0}
  m_PrefabInstance: {fileID: 0}
  m_PrefabAsset: {fileID: 0}
  m_GameObject: {fileID: 4628536199767274268}
  m_LocalRotation: {x: -0.7071068, y: 0, z: 0, w: 0.7071068}
  m_LocalPosition: {x: -0, y: 0, z: 0}
  m_LocalScale: {x: 1, y: 1, z: 1}
  m_Children: []
  m_Father: {fileID: 4628536200215519214}
  m_RootOrder: 0
  m_LocalEulerAnglesHint: {x: -90, y: 0, z: 0}
--- !u!33 &4628536199767274270
MeshFilter:
  m_ObjectHideFlags: 0
  m_CorrespondingSourceObject: {fileID: 0}
  m_PrefabInstance: {fileID: 0}
  m_PrefabAsset: {fileID: 0}
  m_GameObject: {fileID: 4628536199767274268}
  m_Mesh: {fileID: 4300000, guid: d1e8477c1d62b4eb2950689921e7ef58, type: 3}
--- !u!23 &4628536199767274271
MeshRenderer:
  m_ObjectHideFlags: 0
  m_CorrespondingSourceObject: {fileID: 0}
  m_PrefabInstance: {fileID: 0}
  m_PrefabAsset: {fileID: 0}
  m_GameObject: {fileID: 4628536199767274268}
  m_Enabled: 1
  m_CastShadows: 1
  m_ReceiveShadows: 1
  m_DynamicOccludee: 1
  m_MotionVectors: 1
  m_LightProbeUsage: 1
  m_ReflectionProbeUsage: 1
  m_RayTracingMode: 2
  m_RenderingLayerMask: 1
  m_RendererPriority: 0
  m_Materials:
  - {fileID: 2100000, guid: 6b051bc964265438b9edf8fb79c57ccb, type: 2}
  m_StaticBatchInfo:
    firstSubMesh: 0
    subMeshCount: 0
  m_StaticBatchRoot: {fileID: 0}
  m_ProbeAnchor: {fileID: 0}
  m_LightProbeVolumeOverride: {fileID: 0}
  m_ScaleInLightmap: 1
  m_ReceiveGI: 1
  m_PreserveUVs: 0
  m_IgnoreNormalsForChartDetection: 0
  m_ImportantGI: 0
  m_StitchLightmapSeams: 1
  m_SelectedEditorRenderState: 3
  m_MinimumChartSize: 4
  m_AutoUVMaxDistance: 0.5
  m_AutoUVMaxAngle: 89
  m_LightmapParameters: {fileID: 0}
  m_SortingLayerID: 0
  m_SortingLayer: 0
  m_SortingOrder: 0
--- !u!1 &4628536200215519215
GameObject:
  m_ObjectHideFlags: 0
  m_CorrespondingSourceObject: {fileID: 0}
  m_PrefabInstance: {fileID: 0}
  m_PrefabAsset: {fileID: 0}
  serializedVersion: 6
  m_Component:
  - component: {fileID: 4628536200215519214}
  - component: {fileID: 5414684421058977272}
  - component: {fileID: -6912938751655752185}
  - component: {fileID: 9017348941200371520}
  m_Layer: 0
  m_Name: Bomb
  m_TagString: Bomb
  m_Icon: {fileID: 0}
  m_NavMeshLayer: 0
  m_StaticEditorFlags: 0
  m_IsActive: 1
--- !u!4 &4628536200215519214
Transform:
  m_ObjectHideFlags: 0
  m_CorrespondingSourceObject: {fileID: 0}
  m_PrefabInstance: {fileID: 0}
  m_PrefabAsset: {fileID: 0}
  m_GameObject: {fileID: 4628536200215519215}
  m_LocalRotation: {x: 0, y: 0, z: 0, w: 1}
  m_LocalPosition: {x: 0, y: 5.5, z: 0}
  m_LocalScale: {x: 1, y: 1, z: 1}
  m_Children:
  - {fileID: 4628536200297153540}
  - {fileID: 1206730665441358214}
  m_Father: {fileID: 0}
  m_RootOrder: 0
  m_LocalEulerAnglesHint: {x: 0, y: 0, z: 0}
--- !u!114 &5414684421058977272
MonoBehaviour:
  m_ObjectHideFlags: 0
  m_CorrespondingSourceObject: {fileID: 0}
  m_PrefabInstance: {fileID: 0}
  m_PrefabAsset: {fileID: 0}
  m_GameObject: {fileID: 4628536200215519215}
  m_Enabled: 1
  m_EditorHideFlags: 0
  m_Script: {fileID: 11500000, guid: 7f17b4e2e600f6d418ce2a111f6cb392, type: 3}
  m_Name: 
  m_EditorClassIdentifier: 
  speed: 1
--- !u!54 &-6912938751655752185
Rigidbody:
  m_ObjectHideFlags: 0
  m_CorrespondingSourceObject: {fileID: 0}
  m_PrefabInstance: {fileID: 0}
  m_PrefabAsset: {fileID: 0}
  m_GameObject: {fileID: 4628536200215519215}
  serializedVersion: 2
  m_Mass: 1
  m_Drag: 0
  m_AngularDrag: 0.05
  m_UseGravity: 1
  m_IsKinematic: 1
  m_Interpolate: 0
  m_Constraints: 0
  m_CollisionDetection: 0
--- !u!135 &9017348941200371520
SphereCollider:
  m_ObjectHideFlags: 0
  m_CorrespondingSourceObject: {fileID: 0}
  m_PrefabInstance: {fileID: 0}
  m_PrefabAsset: {fileID: 0}
  m_GameObject: {fileID: 4628536200215519215}
  m_Material: {fileID: 0}
  m_IsTrigger: 0
  m_Enabled: 1
  serializedVersion: 2
  m_Radius: 0.24
  m_Center: {x: 0, y: -0.03, z: 0}
--- !u!1001 &3033411869933996281
PrefabInstance:
  m_ObjectHideFlags: 0
  serializedVersion: 2
  m_Modification:
    m_TransformParent: {fileID: 4628536200215519214}
    m_Modifications:
    - target: {fileID: 4226614109810817406, guid: 2273eb2d9b7c6ad4985cf5bce9189c5d,
        type: 3}
      propertyPath: m_Name
      value: Mecha
      objectReference: {fileID: 0}
    - target: {fileID: 4226614109810817407, guid: 2273eb2d9b7c6ad4985cf5bce9189c5d,
        type: 3}
      propertyPath: m_LocalPosition.x
      value: 0.51098645
      objectReference: {fileID: 0}
    - target: {fileID: 4226614109810817407, guid: 2273eb2d9b7c6ad4985cf5bce9189c5d,
        type: 3}
      propertyPath: m_LocalPosition.y
      value: 0.115936756
      objectReference: {fileID: 0}
    - target: {fileID: 4226614109810817407, guid: 2273eb2d9b7c6ad4985cf5bce9189c5d,
        type: 3}
      propertyPath: m_LocalPosition.z
      value: -0.4669029
      objectReference: {fileID: 0}
    - target: {fileID: 4226614109810817407, guid: 2273eb2d9b7c6ad4985cf5bce9189c5d,
        type: 3}
      propertyPath: m_LocalRotation.x
      value: -0
      objectReference: {fileID: 0}
    - target: {fileID: 4226614109810817407, guid: 2273eb2d9b7c6ad4985cf5bce9189c5d,
        type: 3}
      propertyPath: m_LocalRotation.y
      value: -0
      objectReference: {fileID: 0}
    - target: {fileID: 4226614109810817407, guid: 2273eb2d9b7c6ad4985cf5bce9189c5d,
        type: 3}
      propertyPath: m_LocalRotation.z
      value: -0
      objectReference: {fileID: 0}
    - target: {fileID: 4226614109810817407, guid: 2273eb2d9b7c6ad4985cf5bce9189c5d,
        type: 3}
      propertyPath: m_LocalRotation.w
      value: 1
      objectReference: {fileID: 0}
    - target: {fileID: 4226614109810817407, guid: 2273eb2d9b7c6ad4985cf5bce9189c5d,
        type: 3}
      propertyPath: m_RootOrder
      value: 1
      objectReference: {fileID: 0}
    - target: {fileID: 4226614109810817407, guid: 2273eb2d9b7c6ad4985cf5bce9189c5d,
        type: 3}
      propertyPath: m_LocalEulerAnglesHint.x
      value: 0
      objectReference: {fileID: 0}
    - target: {fileID: 4226614109810817407, guid: 2273eb2d9b7c6ad4985cf5bce9189c5d,
        type: 3}
      propertyPath: m_LocalEulerAnglesHint.y
      value: 0
      objectReference: {fileID: 0}
    - target: {fileID: 4226614109810817407, guid: 2273eb2d9b7c6ad4985cf5bce9189c5d,
        type: 3}
      propertyPath: m_LocalEulerAnglesHint.z
      value: 0
      objectReference: {fileID: 0}
    m_RemovedComponents: []
  m_SourcePrefab: {fileID: 100100000, guid: 2273eb2d9b7c6ad4985cf5bce9189c5d, type: 3}
--- !u!4 &1206730665441358214 stripped
Transform:
  m_CorrespondingSourceObject: {fileID: 4226614109810817407, guid: 2273eb2d9b7c6ad4985cf5bce9189c5d,
    type: 3}
  m_PrefabInstance: {fileID: 3033411869933996281}
  m_PrefabAsset: {fileID: 0}
